
@artwork{chevalier_english_2018,
	title = {English:  Schematic of the Long-Short Term Memory cell, a component of recurrent neural networks},
	rights = {https://creativecommons.org/licenses/by-sa/4.0/},
	url = {https://commons.wikimedia.org/wiki/File:LSTM_Cell.svg},
	shorttitle = {{LSTM} cell diagram},
	author = {Chevalier, Guillaume},
	urldate = {2023-12-10},
	date = {2018-05-16},
	file = {Wikimedia Snapshot:C\:\\Users\\matsh\\OneDrive\\Zotero_storage\\storage\\2FDLKYQD\\FileLSTM_Cell.html:text/html},
}
