
@book{fourier_analytical_2009,
	location = {New York},
	title = {The analytical theory of heat},
	isbn = {978-1-108-00178-6},
	publisher = {Cambridge University Press},
	author = {Fourier, Jean Baptiste Joseph and Freeman, Alexander},
	date = {2009},
	note = {{OCLC}: 880311398},
}
